% Encoding: UTF-8

@Manual{Laravel,
  title     = {Laravel Documentation},
  author    = {Taylor Otwell},
  lastchecked = {2018-03-15},
  url       = {http://www.laravel.com},
}

@Book{ItHandbuch,
  title     = {IT-Handbuch},
  publisher = {Westermann},
  year      = {2007},
  author    = {Hübscher, Heinrich and Petersen, Hans-Joachim and Rathgeber, Carsten and Richter, Klaus and Dr. Scharf, Dirk},
  edition   = {5},
  lastchecked = {2018-03-15},
}

@Misc{redgreenrefactor,
  author       = {Shore, James},
  title        = {Red-Green-Refactor},
  url = {http://www.jamesshore.com/Blog/Red-Green-Refactor.html},
  month        = {November},
  year         = {2005},
  lastchecked    = {14.03.2018},
}

@Manual{MySQL,
  title     = {MySQL Documentation},
  author    = {Oracle},
  owner     = {Oracle Corporation},
  lastchecked = {14.03.2018},
  url       = {https://dev.mysql.com/doc/},
}

@Manual{Git,
  title     = {Git Documentation},
  author    = {Git},
  owner     = {Software Freedom Conservancy},
  lastchecked = {16.03.2018},
  url       = {https://git-scm.com/documentation},
}

@Misc{pakete,
  author       = {Taylor Otwell},
  title        = {Laravel Pakete},
  url = {https://github.com/laravel/},
  lastchecked    = {14.03.2018},
}


@Manual{PHP,
  title     = {PHP Manual},
  owner     = {The PHP Group},
  lastchecked = {12.03.2018},
  url       = {http://php.net/manual/de/index.php},
}

@Manual{OAuth2,
  title     = {The OAuth 2.0 Authorization Framework},
  author    = {D. Hardt},
  groups    = {Internet Engineering Task Force},
  owner     = {D. Hardt},
  lastchecked = {12.03.2018},
  url       = {https://tools.ietf.org/html/rfc6749},
}

@Manual{Passport,
  title  = {Laravel Passport},
  author = {Taylor Otwell},
    lastchecked = {14.03.2018},
  url    = {https://laravel.com/docs/master/passport},
}

@Manual{GitLab,
  title     = {GitLab},
  author    = {GitLab, Pages},
  lastchecked = {16.03.2018},
  url       = {https://docs.gitlab.com},
}

@Manual{Socialite,
  title     = {Laravel Socialite},
  author    = {Taylor Otwell},
  owner     = {Taylor Otwell},
  lastchecked = {16.03.2018},
  url       = {https://laravel.com/docs/5.5/socialite},
}

@Article{datenschutzbeauftragter,
  author = {Intersoft Consulting Services, AG},
  title  = {Single Sign-on: Tipps beim Einsatz der Login-Technologie},
  year   = {2016},
    lastchecked = {14.03.2018},
  url    = {https://www.datenschutzbeauftragter-info.de/single-sign-on-tipps-beim-einsatz-der-login-technologie/},
}

@Article{univention,
  author    = {Univention, GmbH},
  title     = {Kurz erklärt: Einmalige Anmeldung per Single Sign-on},
  year      = {2016},
  owner     = {Univention},
  lastchecked = {13.03.2018},
  url       = {https://www.univention.de/2016/12/einmalige-anmeldung-per-single-sign-on/},
}

@Article{TDDcircle,
  author    = {EETech Media, LLC},
  title     = {How to Write Better Unit Tests For Embedded Software With TDD},
  year      = {2014},
  owner     = { EETech Media, LLC},
  lastchecked = {13.03.2018},
  url       = {https://www.allaboutcircuits.com/technical-articles/how-test-driven-development-can-help-you-write-better-unit-tests/},
}

@Article{tdd-ryte,
  author    = {Ryte},
  title     = {Test Driven Development},
  year      = {2016},
  owner     = {Ryte},
  lastchecked = {16.03.2018},
  url       = {https://de.ryte.com/wiki/Test_Driven_Development},
}

@Article{tdd-improuv,
  author    = {Improuv},
  title     = {TDD - so einfach und doch so schwer},
  year      = {2015},
  owner     = {improuv},
  lastchecked = {14.03.2018},
  url       = {https://improuv.com/blog/daniel-zappold/tdd-so-einfach-und-doch-so-schwer},
}

@Article{tddwiki,
  author = {Wikipedia},
  title  = {Testgetriebene Entwicklung},
  year   = {2018},
  owner  = {Wikipedia},
    lastchecked = {12.03.2018},
  url    = {https://de.wikipedia.org/wiki/Testgetriebene_Entwicklung},
}

@Article{computerwoche,
  author = {Oliver Schonschek},
  title  = {Worauf es bei SSO Lösungen ankommt},
  year   = {2015},
    lastchecked = {16.03.2018},
  url    = {https://www.computerwoche.de/a/worauf-es-bei-sso-loesungen-ankommt,2539134},
}

@Misc{arbeitstage,
  author    = {www.schnelle-online.info},
  title     = {Arbeitstage 2018},
  lastchecked = {15.03.2018},
  url       = {https://www.schnelle-online.info/Arbeitstage/Anzahl-Arbeitstage-2018.html},
}

@Article{redhat,
  author = {Red Hat, Inc.},
  title  = {Red Hat Enterprise Linux 4: Referenzhandbuch},
    lastchecked = {15.03.2018},
  url    = {http://web.mit.edu/rhel-doc/4/RH-DOCS/rhel-rg-de-4/ch-kerberos.html},
}

@Article{SSO-Vgl,
  author = {Darfk},
  title  = {Single Sign-On Kerberos vs SAML vs OAuth2},
    lastchecked = {13.03.2018},
  url    = {http://dafrk-blog.com/de/sso-kerberos-saml-oauth-sap/},
}

@Manual{composer,
  title  = {Composer},
  author = {Composer},
    lastchecked = {14.03.2018},
  url    = {https://getcomposer.org/},
}

@Manual{phpdoc,
  title     = {PHPDoc},
  author = {PHPDoc},
  lastchecked = {14.03.2018},
  url       = {https://www.phpdoc.org/},
}

@Manual{CSRF,
  title     = {Laravel CSRF Protection},
    author = {Laravel CSRF Protection},
  lastchecked = {13.03.2018},
  url       = {https://laravel.com/docs/5.6/csrf},
}

@Book{book,
  title     = {Microservices: Grundlagen flexibler Softwarearchitekturen},
  year      = {2015},
  author    = {Eberhard Wolff},
  lastchecked = {14.03.2018},
}

@Article{heise,
  author    = {Torsten Lodderstedt, Jochen Hiller},
  title     = {Flexible und sichere Internetdienste mit OAuth 2.0},
  year      = {2013},
  lastchecked = {16.03.2018},
  url       = {https://www.heise.de/developer/artikel/Flexible-und-sichere-Internetdienste-mit-OAuth-2-0-2068404.html},
}

@Comment{jabref-meta: databaseType:bibtex;}
